<?xml version="1.0" encoding="UTF-8"?>
<record xmlns="http://www.loc.gov/MARC21/slim" xmlns:xsi="http://www.w3.org/2001/XMLSchema-instance" xsi:schemaLocation="http://www.loc.gov/MARC21/slim http://www.loc.gov/standards/marcxml/schema/MARC21slim.xsd">
<leader>     nam a22002771  4500</leader>
<controlfield tag="001">001682247</controlfield>
<controlfield tag="003">NNU</controlfield>
<controlfield tag="005">20001219000343.0</controlfield>
<controlfield tag="008">870106s1928    ua            000 0 ara d</controlfield>
<datafield tag="035" ind1="9" ind2=" ">
<subfield code="a">NYUb12225657</subfield>
</datafield>
<datafield tag="035" ind1=" " ind2=" ">
<subfield code="a">(NNC)notisAQR8908</subfield>
</datafield>
<datafield tag="035" ind1=" " ind2=" ">
<subfield code="a">(CStRLIN)NYCGAQR8908-B</subfield>
</datafield>
<datafield tag="040" ind1=" " ind2=" ">
<subfield code="a">PU</subfield>
<subfield code="c">PSt</subfield>
</datafield>
<datafield tag="100" ind1="1" ind2=" ">
<subfield code="a">Sarkīs, Yūsuf Ilyān,</subfield>
<subfield code="d">1856-1932 or 3.</subfield>
</datafield>
<datafield tag="245" ind1="1" ind2="0">
<subfield code="a">Muʻjam al-maṭbūʻāt al-ʻArabīyah wa-al-muʻarrabah</subfield>
<subfield code="b">wa-huwa shāmil li-asmāʼ al-kutub al-maṭbūʻah fī al-aqṭār al-sharqīyah wa-al-gharbīyah, maʻa dhikr asmāʼ muʼallifīhā wa-lumʻah min tarjamatihim wa-dhālika min yawm ẓuhūr al-ṭibāʻah ilʹa nihāyat al-sanah al-Hijrīyah 1339 al-muwāfiqah li-sanat 1919 Mīlādīyah</subfield>
<subfield code="c">jamaʻahu wa-rattabahu Yūsuf Ilyān Sarkīs.</subfield>
</datafield>
<datafield tag="260" ind1=" " ind2=" ">
<subfield code="a">Miṣr :</subfield>
<subfield code="b">Maṭbaʻat Sarkīs,</subfield>
<subfield code="c">1928.</subfield>
</datafield>
<datafield tag="300" ind1=" " ind2=" ">
<subfield code="a">4 p., 2024 columns, 152, 18 p.</subfield>
<subfield code="c">33 cm.</subfield>
</datafield>
<datafield tag="500" ind1=" " ind2=" ">
<subfield code="a">In Arabic.</subfield>
</datafield>
<datafield tag="500" ind1=" " ind2=" ">
<subfield code="a">Cover title: Dictionnaire encyclopédique arabe, comprenant 1 ̊le nom de ious les ouvrages imprimés, tant en Orient qu'en Occident et en Amérique, depuis la création de l'imprimerie jusqu'à 1919 inclusivement; 2 ̊une biographie succinte de la plupart des auteurs anciens et modernes; 3 ̊les sources des notes biographiques.</subfield>
</datafield>
<datafield tag="500" ind1=" " ind2=" ">
<subfield code="a">Continued by author's [non-roman characters].</subfield>
</datafield>
<datafield tag="500" ind1=" " ind2=" ">
<subfield code="a">Issued in 11 parts, 1928-30.</subfield>
</datafield>
<datafield tag="500" ind1=" " ind2=" ">
<subfield code="a">Added t.p. in English.</subfield>
</datafield>
<datafield tag="650" ind1=" " ind2="0">
<subfield code="a">Arabic literature</subfield>
<subfield code="v">Bio-bibliography.</subfield>
</datafield>
<datafield tag="740" ind1="0" ind2=" ">
<subfield code="a">Dictionnaire encyclopédique de bibliographie arabe.</subfield>
</datafield>
<datafield tag="OWN" ind1=" " ind2=" ">
<subfield code="a">GENERAL</subfield>
</datafield>
<datafield tag="950" ind1=" " ind2=" ">
<subfield code="l">BMAIN</subfield>
<subfield code="a">Z3026</subfield>
<subfield code="b">.S3</subfield>
</datafield>
<datafield tag="955" ind1=" " ind2=" ">
<subfield code="l">BMAIN</subfield>
<subfield code="c">1</subfield>
<subfield code="r">029139501</subfield>
</datafield>
<datafield tag="998" ind1=" " ind2=" ">
<subfield code="s">9125</subfield>
</datafield>
<datafield tag="AVA" ind1=" " ind2=" ">
<subfield code="a">NYU50</subfield>
<subfield code="b">BOBST</subfield>
<subfield code="c">Main Collection</subfield>
<subfield code="d">Z3026 .S3</subfield>
<subfield code="e">unavailable</subfield>
<subfield code="t">Unavailable</subfield>
<subfield code="f">1</subfield>
<subfield code="g">1</subfield>
<subfield code="h">N</subfield>
<subfield code="i">0</subfield>
<subfield code="j">MAIN</subfield>
<subfield code="k">0</subfield>
</datafield>
</record>
